<?xml version="1.0" encoding="UTF-8"?><collection xmlns="http://www.loc.gov/MARC21/slim"><record><leader>00399nam--2200133-i-4500</leader><controlfield tag="001">000043260</controlfield><controlfield tag="002">20161230</controlfield><controlfield tag="005">20161230201043</controlfield><controlfield tag="008">060222s1000------------r-----000-0-eng-d</controlfield><datafield ind1=" " ind2=" " tag="080"><subfield code="a">666.76</subfield></datafield><datafield ind1=" " ind2=" " tag="100"><subfield code="a">Svartman,L.A</subfield></datafield><datafield ind1=" " ind2=" " tag="245"><subfield code="a">Cercetari sovietice in domeniul materialelor refractare. traduceri din literatura sovietica de speciallitate</subfield></datafield><datafield ind1=" " ind2=" " tag="260"><subfield code="a">Bucuresti, Ed.Acad.Rpr, 1953. 151 P</subfield></datafield><datafield ind1=" " ind2=" " tag="852"><subfield code="a">2260</subfield></datafield></record></collection>